% Livros

% Turban
@book{turban2019,
  title={BUSINESS INTELLIGENCE e AN\'ALISE DE DADOS para gest\~ao do neg\'ocio},
  author={Ramesh Sharda and Dursun Delen and Efraim Turban},
  year={2019},
  publisher={4 ed. Bookman Editora},
}

@book{prikladnicki2014,
  title={M{\'e}todos {\'a}geis para desenvolvimento de software},
  author={Prikladnicki, Rafael and Willi, Renato and Milani, Fabiano},
  year={2014},
  publisher={Bookman Editora}
}

% Relatórios Técnicos

% Gartner Magic Quadrant for Analytics and Business Intelligence Platforms
@article {gartner:magicquadrant,
    author={James Richardson and others},
    title       = "Gartner Magic Quadrant for Analytics and Business Intelligence Platforms",
    institution = "Gartner",
    year        = "2020",
    type        = "Gartner Research",
    number      = "G00386610",
    address     = "USA",
    month       = "02",
    note = {Disponível em \url{https://www.gartner.com/en/documents/3980852}. Acessado: 20/08/2020}
}

% Critical Capabilities for Analytics and Business Intelligence Platforms
@article {gartner:criticalcapabilities,
    author={Kurt Schlegel and others},
    title       = "Critical Capabilities for Analytics and Business Intelligence Platforms",
    institution = "Gartner",
    year        = "2020",
    type        = "Gartner Research",
    number      = "G00407174",
    address     = "USA",
    month       = "02",
    note = {Disponível em \url{https://www.gartner.com/en/documents/3982132}. Acessado: 20/08/2020}
}

% The Forrester Wave Enterprise BI Platforms (Client-Managed), Q3 2019
@article {forrester:clientmanaged,
    author={Boris Evelson and others},
    title       = "The Forrester Wave: Enterprise BI Platforms (Client-Managed), Q3 2019",
    institution = "Forrester",
    year        = "2019",
    type        = "Report",
    number      = "E-RES143834",
    address     = "USA",
    month       = "07",
    note = {Disponível em \url{https://www.forrester.com/report/The+Forrester+Wave+Enterprise+BI+Platforms+ClientManaged+Q3+2019/-/E-RES143834}. Acessado: 20/08/2020}
}

% The Forrester Wave Enterprise BI Platforms (Client-Managed), Q3 2019
@article {forrester:vendormanaged,
    author={Boris Evelson and others},
    title       = "The Forrester Wave: Enterprise BI Platforms (Vendor-Managed), Q3 2019",
    institution = "Forrester",
    year        = "2019",
    type        = "Report",
    number      = "E-RES151235",
    address     = "USA",
    month       = "07",
    note = {Disponível em \url{https://www.forrester.com/report/The+Forrester+Wave+Enterprise+BI+Platforms+VendorManaged+Q3+2019/-/E-RES151235}. Acessado: 20/08/2020}
}

% The Forrester Wave™: Enterprise Business Intelligence Platforms, Q4 2010
@article {forrester:bi,
    author={Boris Evelson and others},
    title       = "The Forrester Wave™: Enterprise Business Intelligence Platforms, Q4 2010",
    institution = "Forrester",
    year        = "2010",
    type        = "Report",
    number      = "RES56280",
    address     = "USA",
    month       = "10",
    note = {Disponível em \url{https://www.forrester.com/report/The+Forrester+Wave+Enterprise+Business+Intelligence+Platforms+Q4+2010/-/E-RES56280}. Acessado: 20/08/2020}
}


% THE FORRESTER WAVE™ METHODOLOGY GUIDE
@online {forrester:waveMethodology,
    author={Forrester},
    title       = "The Forrester Wave Methodology Guide",
    institution = "Forrester",
    year        = "2020",
    urldate = {2020-09-25},
    url = {https://go.forrester.com/policies/forrester-wave-methodology/}
}




% ##### ##### ##### #####
%     Produção da CLDF
% ##### ##### ##### #####

% Adotei o tipo @manual para referenciar documentos produzidos na CLDF

@manual {analisegartner2020,
    author = {CLDF},
    title       = {Análise do Relatório: Gartner Magic Quadrant for Analytics and Business Intelligence Platforms de 2020},
    institution = {Câmara Legislativa do Distrito Federal},
    year        = {2020},
    type        = {Análise de Documento},
    month       = {08},
    note        = {Documento SEI Nº 0197223}
}

@manual {propostaCDDHCEDP,
    author = {CLDF},
    title       = {Proposta para Modernização da Função Institucional de Fiscalização no âmbito da Comissão de Defesa dos Direitos Humanos, Cidadania, Ética e Decoro Parlamentar, com Aplicação Computacional de Ciência de Dados \& BI},
    institution = {Câmara Legislativa do Distrito Federal},
    year        = {2020},
    type        = {Proposta},
    month       = {07},
    note        = {Documento SEI Nº 0155990}
}

@manual {asi:oficina,
    author = {CLDF},
    title       = {Oficina ASI/Labhinova sobre Ciência de Dados Aplicada ao Poder Legislativo: Análise Exploratória de Dados Abertos Usando Ferramentas Livres},
    institution = {Câmara Legislativa do Distrito Federal},
    year        = {2020},
    type        = {Projeto},
    month       = {07},
    note        = {Processo SEI Nº 00001-00006894/2020-75}
}



@manual {propostaCAS,
    author = {CLDF},
    title       = {Modernização da Função Institucional de Fiscalização no âmbito da Comissão de Assuntos Sociais com Aplicação Computacional de Ciência de Dados \& BI},
    institution = {Câmara Legislativa do Distrito Federal},
    year        = {2020},
    type        = {Termo de Abertura de Projeto},
    month       = {09},
    note        = {Documento SEI Nº 0207955}
}

@manual {asiESI,
    author = {CLDF},
    title       = {Estratégia de Sistema de Informação da Câmara Legislativa do Distrito Federal},
    institution = {Câmara Legislativa do Distrito Federal},
    year        = {2019},
    type        = {Documento},
    month       = {04},
    note        = {Documento SEI Nº 0157606}
}

@manual {pdti2020,
    author = {CLDF},
    title       = {Plano Diretor de Tecnologia de Informação da Câmara Legislativa do Distrito Federal Atualização 2020},
    institution = {Câmara Legislativa do Distrito Federal},
    year        = {2020},
    type        = {Documento},
    month       = {09},
    note        = {Documento SEI Nº 0196925}
}



% ##### ##### ##### #####
%     Produção da CLDF
% ##### ##### ##### #####

% Adotei o tipo @proceedings para fazer referências a leis, normativos e resoluções

@proceedings{exemploDeLei,
  author       = {Brasil},
  title        = {Lei nº 12.651, de 25 de maio de 2012. Dispõe sobre a proteção da vegetação nativa; altera as Leis nº 6.938, de 31 de agosto de 1981, 9.393, de 19 de dezembro de 1996, e 11.428, de 22 de dezembro de 2006; revoga as leis nº 4.771, de 15 de setembro de 1965, e 7.754, de 14 de abril de 1989, e a Medida Provisória nº 2.166-67, de 24 de agosto de 2001; e dá outras providências},
  journal      = {Diário Oficial [da] República Federativa do Brasil},
  year         = {2012},
  date         = {2012-05-28},
  organization = {Brasil},
  issn         = {1677-7042},
  url          = {http://www.planalto.gov.br/ccivil_03/_Ato2011-2014/2012/Lei/L12651.htm},
  urldate      = {2017-02-24},
  address      = {Brasília, DF},
  shorttitle   = {Lei nº 12.651/2012},
  timestamp    = {2018-07-28},
}

@proceedings{normativo:res312,
  author       = {Deputado Delmasso},
  title        = {Resolução Nº 312, de 2019. Altera a estrutura organizacional da Coordenadoria de Modernização e Informática e dá outras providências.},
  journal      = {Diário da Câmara Legislativa},
  year         = {2019},
  organization = {Câmara Legislativa do Distrito Federal},
  address      = {Brasília, DF},
  shorttitle   = {Resolução Nº 312, de 2019},
  note    = {Publicado no DCL nº 162 de 6 de agosto de 2019.},
}







 	    
% Sites

%Gartner


% https://mattturck.com/2019trends/


% Matt Turck

@misc{mattturck:principal,
    author = "Matt Turck and Lisa Xu",
    title = "A Turbulent Year: The 2019 Data \& AI Landscape",
    year = "2019",
    howpublished = {Disponível em \url{https://mattturck.com/data2019/}},
    note = {Acessado: 10/09/2020}
 } 

@misc{mattturck:trends,
    author = "Matt Turck and Lisa Xu",
    title = "Part II: Major Trends in the 2019 Data \& AI Landscape",
    year = "2019",
    howpublished = {Disponível em \url{https://mattturck.com/2019trends/}},
    note = {Acessado: 10/09/2020}
 } 

@misc{mattturck:sheet,
    author = "Matt Turck and Lisa Xu",
    title = "A Turbulent Year: The 2019 Data \& AI Landscape",
    year = "2019",
    howpublished = {Disponível em \url{http://dfkoz.com/ai-data-landscape/}},
    note = {Acessado: 10/09/2020}
 } 

% Gartner
@misc{gartner:about,
    author = "Gartner",
    title = "Gartner - About us",
    year = "",
    howpublished = {Disponível em \url{https://www.gartner.com/en/about}},
    note = {Acessado: 19/08/2020}
 }
 
@misc{gartner:magicquadrantsecriticalcapabilities,
    author = "Gartner",
    title = "Gartner Magic Quadrant \& Critical Capabilities",
    year = "",
    howpublished = {Disponível em \url{https://www.gartner.com/en/research/magic-quadrant}},
    note = {Acessado: 20/08/2020}
 } 
 
@misc{gartner:magicquadrantsresearch,
    author = "Gartner",
    title = "Gartner Magic Quadrant Positioning technology players within a specific market",
    year = "",
    howpublished = {Disponível em \url{https://www.gartner.com/en/research/methodologies/magic-quadrants-research}},
    note = {Acessado: 20/08/2020}
 } 
 
 
@misc{gartner:biplatforms,
    author = "Gartner",
    title = "Technology Insight for Ongoing Modernization of Analytics and Business Intelligence Platforms",
    year = "2019",
    howpublished = {Disponível em \url{https://www.gartner.com/en/documents/3942110/technology-insight-for-ongoing-modernization-of-analytic}},
    note = {Acessado: 20/08/2020}
 } 
 
 
% Forrester


@misc{forrester:vendorclient,
    author = "The IBI Team",
    title = "Forrester Wave™ for Enterprise BI Platforms 2019, Vendor-Managed and Client-Managed",
    year = "2019",
    howpublished = {Disponível em \url{https://www.ibi.com/blog/ibi-team/forrester-wavetm-enterprise-bi-platforms-2019-vendor-managed-and/}},
    note = {Acessado: 20/09/2020}
 }



 
% https://www.gartner.com/doc/reprints?id=1-1YZJ4C7B&ct=200507&st=sb



 
 % Fornecedores
 
 % MicroStrategy
 
 @misc{microstrategy:hyper,
    author = "MicroStrategy",
    title = "Inteligência sem nenhum clique para todos.",
    year = "",
    howpublished = {Disponível em \url{https://www.microstrategy.com/br/product/hyperintelligence/cards}},
    note = {Acessado: 15/09/2020}
 } 
 
 
  @misc{intro:metafora,
    author = " Vinícius Teles",
    title = "METÁFORA",
    year = "2014",
    howpublished = {Disponível em \url{https://www.desenvolvimentoagil.com.br/xp/praticas/metafora}},
    note = {Acessado: 22/09/2020}
 } 
 
  @misc{intro:cras,
    author = "SECRETARIA DE DESENVOLVIMENTO SOCIAL",
    title = "CENTRO DE REFERÊNCIA DE ASSISTÊNCIA SOCIAL – CRAS",
    year = "2020",
    howpublished = {Disponível em \url{http://www.sedes.df.gov.br/cras/ }},
    note = {Acessado: 25/09/2020}
 }  
 
  @misc{epigrafes:dataisthenewoil,
    author = "Clive Humby",
    title = "Data is the New Oil",
    year = "2019",
    howpublished = {Disponível em \url{https://hackernoon.com/data-is-the-new-oil-1227197762b2}},
    note = {Acessado: 25/09/2020}
 }   
 
@misc{site:cldf:comissoes,
    author = "CLDF",
    title = "Comissões Permanentes",
    year = "2020",
    howpublished = {Disponível em \url{http://www.cl.df.gov.br/web/guest/permanentes}},
    note = {Acessado: 25/09/2020}
 }    
 
@misc{site:cldf:mulher,
    author = "CLDF",
    title = "Procuradoria Especial da Mulher",
    year = "2020",
    howpublished = {Disponível em \url{http://www.cl.df.gov.br/web/guest/procuradoria-especial-da-mulher}}, note = {Acessado: 25/09/2020}
 }     
 
@misc{a10:jornada,
    author = "ANALYTICS10",
    title = "CONHEÇA AS ETAPAS DA JORNADA DE DADOS",
    year = "2020",
    howpublished = {Disponível em \url{https://www.a10br.com/jornada-de-dados}}, note = {Acessado: 25/09/2020}
 }
 
% Definições da Wikipedia  

@misc{wikipedia:sistema,
    author = "Wikipédia",
    title = "Sistema --- Wikipédia{,} a enciclopédia livre",
    year = "2020",
    howpublished = {Disponível em \url{https://pt.wikipedia.org/wiki/Sistema}}, note = {Acessado: 25/09/2020}
 }

@misc{wikipedia:api,
    author = "Wikipédia",
    title = "Interface de programação de aplicações --- Wikipédia{,} a enciclopédia livre",
    year = "2020",
    howpublished = {Disponível em \url{https://pt.wikipedia.org/wiki/Interface_de_programação_de_aplicações}}, note = {Acessado: 25/09/2020}
 }

@misc{e-ping,
    author = "Governo Federal do Brasil",
    title = "Padrões de Interoperabilidade de Governo Eletrônico - ePING",
    year = "2018",
    howpublished = {Disponível em \url{http://eping.governoeletronico.gov.br}}, note = {Acessado: 08/10/2020}
}

@misc{treinamento,
    author = "Fabiano Zucco",
    title = "A importância da qualificação permanente dos servidores públicos em licitações",
    year = "2017",
    howpublished = {Disponível em \url{https://www.rcc.com.br/blog/a-importancia-da-qualificacao-permanente-dos-servidores-publicos-em-licitacoes/}}, note = {Acessado: 08/10/2020}
}

@misc{makeorbuy,
    author = "R Anthony Inman",
    title = "Make-or-buy decisions",
    howpublished = {Disponível em 
    \url{https://www.referen-
    ce forbusiness.com/management/Log-Mar/Make-or-Buy-Decisions.html}}, note = {Acessado: 09/10/2020}
 }
 
 
%Isso está dando erro:
%\url{https://www.referenceforbusiness.com/management/Log-Mar/Make-or-Buy-Decisions.html}}, note = {Acessado: 09/10/2020} 
 
@misc{clickhouse,
    author = "Clickhouse",
    howpublished = {Disponível em \url{https://clickhouse.tech}}, note = {Acessado: 09/10/2020}
 }
 
@misc{benchpostgre,
    author = "Ibrar Ahmed",
    title = "Improving OLAP Workload Performance for PostgreSQL with ClickHouse Database",
    howpulished = {Disponível em \url{https://www.percona.com/blog/2019/05/09/improving-olap-workload-performance-for-postgresql-with-clickhouse-database/}}, note = {Acessado: 09/10/2020}
 }
@misc{benchclickhouse,
    title = "Performance comparison of analytical DBMS",
    howpulished = {Disponível em \url{https://clickhouse.tech/benchmark/dbms/}}, note = {Acessado: 09/10/2020}
 }

 @misc{wikipedia:olap,
    author = "Wikipédia",
    title = "Comparison of OLAP servers",
    year = "2020",
    howpublished = {Disponível em \url{https://en.wikipedia.org/wiki/Comparison_of_OLAP_servers}}, note = {Acessado: 09/10/2020}
 }


@misc{wikipedia:olap2,
    author = "Wikipédia",
    title = "Online analytical processing",
    year = "2020",
    howpublished = {Disponível em \url{https://en.wikipedia.org/wiki/Online_analytical_processing}}, note = {Acessado: 09/10/2020}
 }

@misc{enterpriseopensource,
    author = "Joe Brockmeier",
    title = "O que é open source corporativo?",
    year = "2019",
    howpublished = {Disponível em \url{https://www.redhat.com/pt-br/blog/what-enterprise-open-source}}, note = {Acessado: 09/10/2020}
}


@inproceedings{reimers-2019-sentence-bert,
	title = "Sentence-BERT: Sentence Embeddings using Siamese BERT-Networks",
	author = "Reimers, Nils and Gurevych, Iryna",
	booktitle = "Proceedings of the 2019 Conference on Empirical Methods in Natural Language Processing",
	month = "11",
	year = "2019",
	publisher = "Association for Computational Linguistics",
	url = "http://arxiv.org/abs/1908.10084",
}