@book{book_key,
	address = {City},
	publisher = {Publisher},
	author = {Smith, John},
	title = {Book title},
	year = {2012},
	volume = {3},
	series = {2},
	edition = {1},
	pages = {123--200},
	month = {January}
}

@article{article_key,
	address = {City},
	publisher = {Publisher},
	author = {Smith, James},
	title = {Article title},
	year = {2013},
	volume = {14},
	number = {6},
	pages = {1--8},
	month = {March}
}

% Neste arquivo serão colocadas as referências. Abaixo seguem exemplos dos principais tipos.
% Copie o exemplo e complete os campos desejados. Caso não possua a informação deixe em branco o conteúdo entre "{}"

% Tomando como exemplo a referencia abaixo, é importante notar que o parâmetro "sobrenome_id" deve ser único para cada referência. 

%Adotaremos a estrutura "sobrenome do autor" + "identificador único" para padronizar as referências. 

%Desta forma, ao longo do texto você poderá recuperar esta referência através do comando "\cite{sobrenome_id}".

% Siga os exemplos de referência para o tipo adequado de material a ser refereciado.

%   Exemplo de referência para livros 
    @book{sobrenome_id,
	    address = {Cidade},
	    publisher = {Editora},
    	author = {Sobrenome, Nome},
	    title = {Título do Livro},  
	    year = {2020}, 
	    volume = {3},
	    series = {2},
	    edition = {1},
	    pages = {123--200},
	    month = {Janeiro}
    }


%   Exemplo de referência para artigos 
    @article{artigo_key,
	    address = {Cidade},
	    publisher = {Nome da revista},
	    author = {Smith, James},
	    title = {Título do artigo e pá},
	    year = {2013},
	    volume = {14},
	    number = {6},
	    pages = {1--8},
	    month = {March}
    }

%   Exemplo de referência para manuais 
    @manual{manual_key,
        title        = {Nome do manual},
        author       = {Autores ou time que escreveu},
        organization = {Empresa dona do manual},
        address      = {Cidade, país},
        year         = {2018}
    }
    
%   Exemplo de referência para sites    
    @misc{CitekeyMisc,
        title        = {Pluto: `The Other' Red Planet},
        author       = {NASA},
        howpublished = {\url{https://www.nasa.gov/nh/pluto-the-other-red-planet}},
        year         ={2015},
        note         = {Acessado em: 2018-12-06}
    }    
    
    
%   Compilado de Fórmulas matemáticas para Latex    
    @misc{MathFormula,
        title        = {Compilado de Equações Matemáticas para Latex },
        author       = {Wikipedia},
        howpublished = {\url{https://pt.wikipedia.org/wiki/Ajuda:Guia_de_edi\%C3\%A7\%C3\%A3o/F\%C3\%B3rmulas_TeX}},
        year         ={},
        note         = {Acessado em: 18/08/2020}
    }       

%   Compilado de Símbolos matemáticos para Latex    
    @misc{MathSymbol,
        title        = {Compilado de Símbolos Matemáticos para Latex },
        author       = {OEIS},
        howpublished = {\url{    https://oeis.org/wiki/List_of_LaTeX_mathematical_symbols}},
        year         ={},
        note         = {Acessado em: 18/08/2020}
    }  
    
    
%---------------------------------------------------------
%Ao concluir a adição de referências, comentar ou apagar todas as referências acima para que não saiam na versão final do seu documento. 
%---------------------------------------------------------


