% Encoding: UTF-8

% --------------------
       % LIVROS 
% --------------------

% Métodos Ágeis para Desenvolvimento de Software
@book{prikladnicki2014,
  title={M{\'e}todos {\'a}geis para desenvolvimento de software},
  author={Prikladnicki, Rafael and Willi, Renato and Milani, Fabiano},
  year={2014},
  publisher={Bookman Editora}
}

% Scrum Guide 2017
@article{scrumguide2017,
  title={Guia do Scrum},
  author={Sutherland, Jeff and Schwaber, Ken},
  journal={Um guia definitivo para o Scrum: As regras do Jogo. Scrum.org},
  year={2017}
}

%Refactoring
@book{fowler2018,
  title={Refactoring: improving the design of existing code},
  author={Fowler, Martin},
  year={2018},
  publisher={Addison-Wesley Professional}
}

% --------------------
       % MANUAIS E MDS DE OUTROS ORGÃOS
% --------------------

% GUIA ÁGIL DO SISP
@MANUAL {guiaagilsisp2015,
    title        = "Guia de Projetos de Software com práticas de métodos ágeis para o SISP: versão 1.0",
    author       = "MP",
    organization = "Ministério do Planejamento, Orçamento e Gestão, Secretaria de Logística e Tecnologia da Informação",
    address      = "Brasília",
    edition      = "1.0",
    year         = "2015",
    note         = "1. Software 2. Tecnologia da Informação 3. Administração Pública"
}

@MANUAL {roteirosisp2016,
    title        = "Roteiro de Métricas de Software do SISP Versão 2.2",
    author       = "MP",
    organization = "Ministério do Planejamento, Desenvolvimento e Gestão",
    address      = "Brasília",
    edition      = "2.2",
    year         = "2016",
    howpublished = {\url{www.sisp.gov.br}}
}


% MDS IPHAN
@MANUAL {iphan2013,
    title        = "Metodologia Iphan de Gestão de Demandas de Desenvolvimento Ágil de Softwares MIDAS",
    author       = "IPHAN",
    organization = "Instituto do Patrimônio Histórico e Artístico Nacional",
    edition      = "1.0",
    year         = "2013"
}



% Sites
@misc{histuser19,
    author = "Roberto Brasileiro",
    title = "Veja agora 08 dicas para criar excelentes histórias de usuário",
    year = "2019",
    howpublished = {\url{http://www.metodoagil.com/historias-de-usuario/}},
    note = {Acessado: 18/09/2019}
 }
  
  
% Acórdãos
@TECHREPORT {tcu2015,
    author = "TCU",
    title       = "Acordao 2362/2015 - Plenario",
    institution = "Tribunal de Contas da União",
    year        = "2015",
    type        = "Relatorio de Auditoria (RA)",
    month       = "sep",
    note        = "Relator: AUGUSTO NARDES, Processo: 002.116/2015-4, Número da ata: 38/2015 - Plenário"
}

@TECHREPORT {atatcu2013,
    author = "TCU",
    title       = "ATA Nº 33, DE 28 DE Agosto de 2013 - Sessao Ordinaria - Plenario",
    institution = "Tribunal de Contas da União",
    year        = "2013",
    type        = "ATA",
    month       = "sep",
    note        = "Acórdãos Nºs 2261 a 2289 e 2290 a 2332."
}


