@Book{knuth:84,
  author = 	 {Donald E. Knuth},
  title = 	 {The {\TeX} Book},
  publisher = 	 {Addison-Wesley},
  year = 	 {1984},
  edition = 	 {15th}
}

@InCollection{boulic:91,
  author = 	 {R. Boulic and O. Renault},
  title = 	 {3D Hierarchies for Animation},
  booktitle = 	 {New Trends in Animation and Visualization},
  publisher =    {John Wiley {\&} Sons ltd.},
  year = 	 {1991},
  editor = 	 {Nadia Magnenat-Thalmann and Daniel Thalmann}
}

@InCollection{smith:99,
  author = 	 {A. Smith and B. Jones},
  title = 	 {On the Complexity of Computing},
  booktitle = 	 {Advances in Computer Science},
  pages = 	 {555--566},
  publisher =    {Publishing Press},
  year = 	 {1999},
  editor = 	 {A. B. Smith-Jones}
}

@Misc{CLDF2018,
  author       = {Distrito Federal Brasil. Câmara Legislativa},
  howpublished = {Brasília: Câmara Legislativa do Distrito Federal},
  month        = dec,
  title        = {Regimento interno da Câmara Legislativa do Distrito Federal},
  year         = {2018},
  url          = {https://legislacao.cl.df.gov.br/Legislacao/buscarLei-81!buscarLeiAtualizada.action;jsessionid=844852141B284B7FD8CCFD71675EBB80},
}

@Comment{jabref-meta: databaseType:bibtex;}
